@article{lindgren,
    author = {Lindgren, Finn and Rue, Håvard and Lindström, Johan},
    title = {An explicit link between Gaussian fields and Gaussian Markov random fields: the stochastic partial differential equation approach},
    journal = {Journal of the Royal Statistical Society: Series B (Statistical Methodology)},
    volume = {73},
    number = {4},
    pages = {423-498},
    keywords = {Approximate Bayesian inference, Covariance functions, Gaussian fields, Gaussian Markov random fields, Latent Gaussian models, Sparse matrices, Stochastic partial differential equations},
    doi = {https://doi.org/10.1111/j.1467-9868.2011.00777.x},
    url = {https://rss.onlinelibrary.wiley.com/doi/abs/10.1111/j.1467-9868.2011.00777.x},
    eprint = {https://rss.onlinelibrary.wiley.com/doi/pdf/10.1111/j.1467-9868.2011.00777.x},
    year = {2011}
}
@article{whittle63,
    title={Stochastic-processes in several dimensions},
    author={Whittle, Peter},
    journal={Bulletin of the International Statistical Institute},
    volume={40},
    number={2},
    pages={974--994},
    year={1963},
    publisher={INT STATISTICAL INSTITUTE 428 PRINSES BEATRIXLAEN, VOORBURG, NETHERLANDS}
}
@article{solonen,
    title={On dimension reduction in Gaussian filters},
    volume={32},
    ISSN={1361-6420},
    url={http://dx.doi.org/10.1088/0266-5611/32/4/045003},
    DOI={10.1088/0266-5611/32/4/045003},
    number={4},
    journal={Inverse Problems},
    publisher={IOP Publishing},
    author={Solonen, Antti and Cui, Tiangang and Hakkarainen, Janne and Marzouk, Youssef},
    year={2016},
    month=mar,
    pages={045003}
}
@misc{resnet,
      title={Deep Residual Learning for Image Recognition}, 
      author={Kaiming He and Xiangyu Zhang and Shaoqing Ren and Jian Sun},
      year={2015},
      eprint={1512.03385},
      archivePrefix={arXiv},
      primaryClass={cs.CV},
      url={https://arxiv.org/abs/1512.03385}, 
}
@article{bezenac,
    title={Deep learning for physical processes: Incorporating prior scientific knowledge},
    author={De B{\'e}zenac, Emmanuel and Pajot, Arthur and Gallinari, Patrick},
    journal={Journal of Statistical Mechanics: Theory and Experiment},
    volume={2019},
    number={12},
    pages={124009},
    year={2019},
    publisher={IOP Publishing},
}
